<marc:record xmlns:marc="http://www.loc.gov/MARC21/slim" xmlns:xsi="http://www.w3.org/2001/XMLSchema-instance" xsi:schemaLocation="http://www.loc.gov/MARC21/slim http://www.loc.gov/standards/marcxml/schema/MARC21slim.xsd">
  <marc:leader>     cam a2200217 a 45M</marc:leader>
  <marc:controlfield tag="001">002823651</marc:controlfield>
  <marc:controlfield tag="003">NNU</marc:controlfield>
  <marc:controlfield tag="005">20061010172051.0</marc:controlfield>
  <marc:controlfield tag="008">870619m19659999iq            000 0 ara d</marc:controlfield>
  <marc:datafield tag="035" ind1="9" ind2=" ">
    <marc:subfield code="a">NYUb10531614</marc:subfield>
  </marc:datafield>
  <marc:datafield tag="035" ind1=" " ind2=" ">
    <marc:subfield code="a">(CStRLIN)NYUG87-B20595</marc:subfield>
  </marc:datafield>
  <marc:datafield tag="040" ind1=" " ind2=" ">
    <marc:subfield code="a">NNU</marc:subfield>
    <marc:subfield code="c">NNU</marc:subfield>
  </marc:datafield>
  <marc:datafield tag="066" ind1=" " ind2=" ">
    <marc:subfield code="c">(3</marc:subfield>
  </marc:datafield>
  <marc:datafield tag="090" ind1=" " ind2=" ">
    <marc:subfield code="a">PJ7828.M493</marc:subfield>
    <marc:subfield code="b">A6 1965</marc:subfield>
  </marc:datafield>
  <marc:datafield tag="100" ind1="1" ind2=" ">
    <marc:subfield code="6">01</marc:subfield>
    <marc:subfield code="a">Ḥamdānī, Hādī.</marc:subfield>
  </marc:datafield>
  <marc:datafield tag="100" ind1="1" ind2=" ">
    <marc:subfield code="6">01</marc:subfield>
    <marc:subfield code="a">حمدانى، هادى.</marc:subfield>
  </marc:datafield>
  <marc:datafield tag="245" ind1="1" ind2="0">
    <marc:subfield code="6">02</marc:subfield>
    <marc:subfield code="a">Dīwān al-Ḥamdānī /</marc:subfield>
    <marc:subfield code="c">Hādī al-Hamdānī.</marc:subfield>
  </marc:datafield>
  <marc:datafield tag="245" ind1="1" ind2="0">
    <marc:subfield code="6">02</marc:subfield>
    <marc:subfield code="a">ديوان الحمدانى /</marc:subfield>
    <marc:subfield code="c">هادى الحمدانى.</marc:subfield>
  </marc:datafield>
  <marc:datafield tag="260" ind1=" " ind2=" ">
    <marc:subfield code="6">03</marc:subfield>
    <marc:subfield code="a">Baghdād :</marc:subfield>
    <marc:subfield code="b">Maṭbaʻat al-ʻĀnī,</marc:subfield>
    <marc:subfield code="c">[1965-</marc:subfield>
  </marc:datafield>
  <marc:datafield tag="260" ind1=" " ind2=" ">
    <marc:subfield code="6">03</marc:subfield>
    <marc:subfield code="a">بغداد :</marc:subfield>
    <marc:subfield code="b">مطبعة العانى،</marc:subfield>
    <marc:subfield code="c">[١٩٦٥-]</marc:subfield>
  </marc:datafield>
  <marc:datafield tag="300" ind1=" " ind2=" ">
    <marc:subfield code="a">v. ;</marc:subfield>
    <marc:subfield code="c">23 cm.</marc:subfield>
  </marc:datafield>
  <marc:datafield tag="998" ind1=" " ind2=" ">
    <marc:subfield code="a">20001016</marc:subfield>
    <marc:subfield code="d">19870619</marc:subfield>
    <marc:subfield code="d">20020511</marc:subfield>
    <marc:subfield code="n">NNU</marc:subfield>
    <marc:subfield code="s">1</marc:subfield>
    <marc:subfield code="t">c</marc:subfield>
    <marc:subfield code="z">p</marc:subfield>
  </marc:datafield>
</marc:record>
